<?xml version="1.0" encoding="UTF-8"?><collection xmlns="http://www.loc.gov/MARC21/slim"><record><leader>00519nam--2200181-i-4500</leader><controlfield tag="001">000033776</controlfield><controlfield tag="002">20161230</controlfield><controlfield tag="005">20161230201039</controlfield><controlfield tag="008">060222s1000------------r-----000-0-fre-d</controlfield><datafield ind1=" " ind2=" " tag="040"><subfield code="a">IFIN-HH</subfield></datafield><datafield ind1=" " ind2=" " tag="041"><subfield code="a">fre</subfield></datafield><datafield ind1=" " ind2=" " tag="080"><subfield code="a">539.171.115:439.122:539.171.2(043)</subfield></datafield><datafield ind1="1" ind2=" " tag="100"><subfield code="a">Guet, Claude</subfield></datafield><datafield ind1="1" ind2="0" tag="245"><subfield code="a">Emission de deux photons lors de la capture radiative neutron-proton</subfield><subfield code="b">These</subfield><subfield code="c">Claude guet</subfield></datafield><datafield ind1=" " ind2=" " tag="260"><subfield code="a">Grenoble</subfield><subfield code="b">Universite</subfield><subfield code="c">1974</subfield></datafield><datafield ind1=" " ind2=" " tag="300"><subfield code="a">45P. + PLANSE</subfield></datafield><datafield ind1=" " ind2=" " tag="852"><subfield code="a">43976</subfield><subfield code="c">539.17</subfield></datafield><datafield ind1=" " ind2=" " tag="CAT"><subfield code="a">Sys</subfield><subfield code="c">20120615</subfield><subfield code="h">101024</subfield></datafield></record></collection>